<?xml version="1.0" encoding="UTF-8"?><collection xmlns="http://www.loc.gov/MARC21/slim"><record><leader>00383nam--2200133-i-4500</leader><controlfield tag="001">000021293</controlfield><controlfield tag="002">20161230</controlfield><controlfield tag="005">20161230201034</controlfield><controlfield tag="008">060222s1000------------r-----000-0-eng-d</controlfield><datafield ind1=" " ind2=" " tag="080"><subfield code="a">53(07)</subfield></datafield><datafield ind1=" " ind2=" " tag="100"><subfield code="a">Grimsehl</subfield></datafield><datafield ind1=" " ind2=" " tag="245"><subfield code="a">Lehrbuch der physik. hrsg. von w. schallreute. bd.1 mechanik. warmelehre. akustik</subfield></datafield><datafield ind1=" " ind2=" " tag="260"><subfield code="a">Leipzig, B. G. Teubner Verlagsgeselsch., 1954-1959</subfield></datafield><datafield ind1=" " ind2=" " tag="852"><subfield code="a">3668</subfield></datafield></record></collection>